%% This BibTeX bibliography file was created using BibDesk.
%% http://bibdesk.sourceforge.net/


%% Created for James at 2016-06-10 21:21:37 -0400 


%% Saved with string encoding Unicode (UTF-8) 


@comment{This file has been generated by Pybliographer}

@INPROCEEDINGS{5647401, 
author={U. Rüppel and K. Marcus Stübbe and U. Zwinger}, 
booktitle={Indoor Positioning and Indoor Navigation (IPIN), 2010 International Conference on}, 
title={Indoor Navigation Integration Platform for firefighting purposes}, 
year={2010}, 
pages={1-6}, 
keywords={fires;indoor radio;navigation;radiofrequency identification;wireless LAN;complex building;firefighting purposes;indoor navigation integration platform;mobile devices;radio frequency identification;wireless LAN;Buildings;Fires;Navigation;Radiofrequency identification;Solid modeling;Wireless LAN;Building information modeling;RFID;UWB;WLAN;fire safety;graph networks}, 
doi={10.1109/IPIN.2010.5647401}, 
month={Sept},}

@INPROCEEDINGS{6071925, 
author={R. Mautz and S. Tilch}, 
booktitle={2011 International Conference on Indoor Positioning and Indoor Navigation}, 
title={Survey of optical indoor positioning systems}, 
year={2011}, 
volume={}, 
number={}, 
pages={1-7}, 
keywords={image motion analysis;stereo image processing;CCD technology;camera-based positioning system;image based positioning method;image understanding;optical indoor positioning system;Accuracy;Cameras;Navigation;Optical imaging;Optical sensors;Robot vision systems;Camera-based positioning;Indoor Photogrammetry;Optical Indoor Positioning}, 
doi={10.1109/IPIN.2011.6071925}, 
ISSN={}, 
month={Sept},}

@INPROCEEDINGS{4058367, 
author={J. c. Zufferey and A. Klaptocz and A. Beyeler and J. d. Nicoud and D. Floreano}, 
booktitle={2006 IEEE/RSJ International Conference on Intelligent Robots and Systems}, 
title={A 10-gram Microflyer for Vision-based Indoor Navigation}, 
year={2006}, 
pages={6-6}, 
keywords={Aerospace electronics;Aircraft navigation;Cameras;Gyroscopes;Intelligent robots;Microcontrollers;Mobile robots;Prototypes;Robot sensing systems;Robot vision systems}, 
doi={10.1109/IROS.2006.282293}, 
ISSN={2153-0858}, 
month={Oct},}

@INPROCEEDINGS{5983054, 
author={M. Kara Mohamed and S. Patra and A. Lanzon}, 
booktitle={Control Automation (MED), 2011 19th Mediterranean Conference on}, 
title={Designing simple indoor navigation system for UAVs}, 
year={2011}, 
pages={1223-1228}, 
keywords={Global Positioning System;aircraft control;aircraft navigation;cameras;path planning;remotely operated vehicles;robot vision;GPS signal;INS-GPS navigation system;computer vision algorithm;heavy image processing algorithm;indoor UAV;indoor navigation system design;laser beam;laser dots;video shot quality;vision camera;Cameras;Earth;Ferroelectric films;Global Positioning System;Nonvolatile memory;Random access memory}, 
doi={10.1109/MED.2011.5983054}, 
month={June},}

@INPROCEEDINGS{Ugave, 
author={U. Viney Anand}, 
booktitle={SMART INDOOR LOCALIZATION USING MACHINE LEARNING TECHNIQUES}, 
title={SMART INDOOR LOCALIZATION USING MACHINE LEARNING TECHNIQUES}, 
year={2014}, 
pages={1223-1228}, 
keywords={Machine Learning, Indoor Localization}, 
doi={}, 
month={June},}

@inproceedings{Tarzia:2011:ILW:1999995.2000011,
 author = {Tarzia, Stephen P. and Dinda, Peter A. and Dick, Robert P. and Memik, Gokhan},
 title = {Indoor Localization Without Infrastructure Using the Acoustic Background Spectrum},
 booktitle = {Proceedings of the 9th International Conference on Mobile Systems, Applications, and Services},
 series = {MobiSys '11},
 year = {2011},
 isbn = {978-1-4503-0643-0},
 location = {Bethesda, Maryland, USA},
 pages = {155--168},
 numpages = {14},
 url = {http://doi.acm.org/10.1145/1999995.2000011},
 doi = {10.1145/1999995.2000011},
 acmid = {2000011},
 publisher = {ACM},
 address = {New York, NY, USA},
 keywords = {fingerprinting, localization, mobile systems, sound},
} 

@INPROCEEDINGS{6071934, 
author={J. B. Link and P. Smith and N. Viol and K. Wehrle}, 
booktitle={Indoor Positioning and Indoor Navigation (IPIN), 2011 International Conference on}, 
title={FootPath: Accurate map-based indoor navigation using smartphones}, 
year={2011}, 
pages={1-8}, 
keywords={accelerometers;compasses;navigation;FootPath;OpenStreetMap;accelerometer;accurate map-based indoor navigation;bioinformatics;compass;heading estimation;map-based indoor navigation system;sequence alignment;smartphones;step detection;Accelerometers;Buildings;Compass;Global Positioning System;Image edge detection;Legged locomotion}, 
doi={10.1109/IPIN.2011.6071934}, 
month={Sept},}

@INPROCEEDINGS{5766963, 
author={P. Tarrío and M. Cesana and M. Tagliasacchi and A. Redondi and L. Borsani and J. R. Casar}, 
booktitle={Pervasive Computing and Communications Workshops (PERCOM Workshops), 2011 IEEE International Conference on}, 
title={An energy-efficient strategy for combined RSS-PDR indoor localization}, 
year={2011}, 
pages={619-624}, 
keywords={indoor radio;optimisation;wireless sensor networks;RSS measurements;combined RSS-PDR indoor localization;energy consumption minimization;energy savings;energy-efficient strategy;localization error;optimization-based framework;pedestrian dead reckoning;received signal strength;wireless sensor network;Accelerometers;Accuracy;Dead reckoning;Energy consumption;Energy measurement;Mobile communication;Trajectory}, 
doi={10.1109/PERCOMW.2011.5766963}, 
month={March},}

@article{Liu:2007:SWI:2220431.2221077,
 author = {Liu, Hui and Darabi, H. and Banerjee, P. and Liu, Jing},
 title = {Survey of Wireless Indoor Positioning Techniques and Systems},
 journal = {Trans. Sys. Man Cyber Part C},
 issue_date = {November 2007},
 volume = {37},
 number = {6},
 month = nov,
 year = {2007},
 issn = {1094-6977},
 pages = {1067--1080},
 numpages = {14},
 url = {http://dx.doi.org/10.1109/TSMCC.2007.905750},
 doi = {10.1109/TSMCC.2007.905750},
 acmid = {2221077},
 publisher = {IEEE Press},
 address = {Piscataway, NJ, USA},
 keywords = {Indoor location sensing, location fingerprinting, positioning algorithm, radio frequency (RF), wireless localization},
} 

@webpage{BT,
	Date-Added = {2017-11-11 12:25:00 +0000},
	Date-Modified = {2017-11-11 12:25:00 +0000},
	Author = {{Nashville GOB}},
	Note = {[Acceso Noviembre 2017]},
    title = {Mayor, Music City Center Unveil Wayfinding App},
	Keywords = {Kontaktio},
	Lastchecked = {November 11},
	Month = {Noviembre},
	Url = {http://www.nashville.gov/News-Media/News-Article/ID/3477/Mayor-Music-City-Center-Unveil-Wayfinding-App},
	Howpublished = {\url{http://www.nashville.gov/News-Media/News-Article/ID/3477/Mayor-Music-City-Center-Unveil-Wayfinding-App}},
	Year = {2017},
	Bdsk-Url-1 = {http://www.nashville.gov/News-Media/News-Article/ID/3477/Mayor-Music-City-Center-Unveil-Wayfinding-App}
	}  

@ARTICLE{102710, 
author={B. T. Fang}, 
journal={IEEE Transactions on Aerospace and Electronic Systems}, 
title={Simple solutions for hyperbolic and related position fixes}, 
year={1990}, 
volume={26}, 
number={5}, 
pages={748-753}, 
keywords={aerospace computing;radionavigation;Earth ellipsoid;geometric interpretations;hyperbolic fixes;navigation fix;navigator altitude;range differences;related position fixes;Coordinate measuring machines;Difference equations;Ellipsoids;Length measurement;Navigation;Position measurement;Satellite ground stations;Sun;Time measurement}, 
doi={10.1109/7.102710}, 
ISSN={0018-9251}, 
month={Sep},}

@ARTICLE{4103919, 
author={D. J. Torrieri}, 
journal={IEEE Transactions on Aerospace and Electronic Systems}, 
title={Statistical Theory of Passive Location Systems}, 
year={1984}, 
volume={AES-20}, 
number={2}, 
pages={183-198}, 
keywords={Aerospace electronics;Aircraft;Algorithm design and analysis;Equations;Measurement errors;Navigation;Performance analysis;Position measurement;Time measurement;Transmitters}, 
doi={10.1109/TAES.1984.310439}, 
ISSN={0018-9251}, 
month={March},}

@INPROCEEDINGS{1423549, 
author={Junyang Zhou and K. M. K. Chu and J. K. Y. Ng}, 
booktitle={19th International Conference on Advanced Information Networking and Applications (AINA'05) Volume 1 (AINA papers)}, 
title={Providing location services within a radio cellular network using ellipse propagation model}, 
year={2005}, 
volume={1}, 
pages={559-564 vol.1}, 
keywords={cellular radio;mobility management (mobile radio);radiowave propagation;ellipse propagation model;location estimation;mobile positioning;radio cellular network;wave propagation;Computer science;GSM;Global Positioning System;Land mobile radio cellular systems;Logistics;Mobile computing;Multiaccess communication;Performance evaluation;Testing;Urban areas}, 
doi={10.1109/AINA.2005.286}, 
ISSN={1550-445X}, 
month={March},}

@ARTICLE{665, 
author={B. D. Van Veen and K. M. Buckley}, 
journal={IEEE ASSP Magazine}, 
title={Beamforming: a versatile approach to spatial filtering}, 
year={1988}, 
volume={5}, 
number={2}, 
pages={4-24}, 
keywords={filtering and prediction theory;reviews;signal processing;adaptive beamforming;beamformer implementations;data independent beamforming;notation;overview;partially adaptive beamforming;signal-processing;spatial filtering;statistically optimum beamforming;terminology;Apertures;Array signal processing;Feeds;Filtering;Frequency;Interference;Microwave filters;Sampling methods;Sensor arrays;Spatial filters}, 
doi={10.1109/53.665}, 
ISSN={0740-7467}, 
month={April},}

@INPROCEEDINGS{1192765, 
author={L. M. Ni and Yunhao Liu and Yiu Cho Lau and A. P. Patil}, 
booktitle={Pervasive Computing and Communications, 2003. (PerCom 2003). Proceedings of the First IEEE International Conference on}, 
title={LANDMARC: indoor location sensing using active RFID}, 
year={2003}, 
pages={407-415}, 
keywords={identification technology;indoor radio;radio direction-finding;LANDMARC;active RFID;context-aware applications;embedded technology;indoor location sensing;location sensing prototype system;mobile computing devices;reference tags;Active RFID tags;Computer science;Embedded computing;Global Positioning System;Mobile computing;Prototypes;Radar tracking;Radio frequency;Radiofrequency identification;Wireless sensor networks}, 
doi={10.1109/PERCOM.2003.1192765}, 
month={March},}

@INPROCEEDINGS{Bahl00radar:an,
    author = {Paramvir Bahl and Venkata N. Padmanabhan},
    title = {RADAR: an in-building RF-based user location and tracking system},
    booktitle = {RADAR: an in-building RF-based user location and tracking system},
    year = {2000},
    pages = {775--784}
}

@INPROCEEDINGS{5398451, 
author={L. W. Yeh and M. S. Hsu and Y. F. Lee and Y. C. Tseng}, 
booktitle={Sensors, 2009 IEEE}, 
title={Indoor localization: Automatically constructing today's radio map by iRobot and RFIDs}, 
year={2009}, 
pages={1463-1466}, 
keywords={indoor radio;radiofrequency identification;robots;GPS;RFID;fingerprinting-based solution;iRobot;indoor localization;radio map;radio signal strength;Computer science;Databases;Femtocell networks;Fingerprint recognition;GSM;Global Positioning System;RFID tags;Radiofrequency identification;Robot sensing systems;Robotics and automation;RFID;indoor positioning;localization;pervasive computing;robot}, 
doi={10.1109/ICSENS.2009.5398451}, 
ISSN={1930-0395}, 
month={Oct},}

@inproceedings{Wang:2012:NNW:2307636.2307655,
 author = {Wang, He and Sen, Souvik and Elgohary, Ahmed and Farid, Moustafa and Youssef, Moustafa and Choudhury, Romit Roy},
 title = {No Need to War-drive: Unsupervised Indoor Localization},
 booktitle = {Proceedings of the 10th International Conference on Mobile Systems, Applications, and Services},
 series = {MobiSys '12},
 year = {2012},
 isbn = {978-1-4503-1301-8},
 location = {Low Wood Bay, Lake District, UK},
 pages = {197--210},
 numpages = {14},
 url = {http://doi.acm.org/10.1145/2307636.2307655},
 doi = {10.1145/2307636.2307655},
 acmid = {2307655},
 publisher = {ACM},
 address = {New York, NY, USA},
 keywords = {landmarks, location, mobile phones, recursion, sensing},
} 

@ARTICLE{6834746, 
author={L. H. Chen and E. H. K. Wu and M. H. Jin and G. H. Chen}, 
journal={IEEE Sensors Journal}, 
title={Intelligent Fusion of Wi-Fi and Inertial Sensor-Based Positioning Systems for Indoor Pedestrian Navigation}, 
year={2014}, 
volume={14}, 
number={11}, 
pages={4034-4042}, 
keywords={indoor radio;maximum likelihood estimation;pedestrians;radio direction-finding;sensor fusion;wireless LAN;PDR systems;Wi-Fi indoor positioning system;indoor positioning systems;inertial sensors;initial user location;intelligent fusion algorithm;maximum likelihood-based fusion algorithm;moving direction information;pedestrian dead reckoning systems;real-time indoor pedestrian location tracking;wireless local area networks;Accuracy;Fingerprint recognition;IEEE 802.11 Standards;Indoor environments;Sensor systems;Trajectory;Dead reckoning;WLAN;indoor positioning;received signal strength;sensor}, 
doi={10.1109/JSEN.2014.2330573}, 
ISSN={1530-437X}, 
month={Nov},}

@ARTICLE{6156509, 
author={S. H. Fang and C. H. Wang and T. Y. Huang and C. H. Yang and Y. S. Chen}, 
journal={IEEE Communications Letters}, 
title={An Enhanced ZigBee Indoor Positioning System With an Ensemble Approach}, 
year={2012}, 
volume={16}, 
number={4}, 
pages={564-567}, 
keywords={Zigbee;indoor radio;wireless sensor networks;ZigBee sensor network;combining base positioning algorithms;diverse patterns;enhanced ZigBee indoor positioning system;finger-printing method;gradient-based search;linear square approximation;location estimation;multidimensional scaling;multiexpert system;spatial dependent weights;Accuracy;Estimation;Heuristic algorithms;Training;Training data;Wireless sensor networks;Zigbee;Sensor networks;Zigbee;ensemble;indoor positioning system}, 
doi={10.1109/LCOMM.2012.022112.120131}, 
ISSN={1089-7798}, 
month={April},}


@INPROCEEDINGS{832252, 
author={P. Bahl and V. N. Padmanabhan}, 
booktitle={Proceedings IEEE INFOCOM 2000. Conference on Computer Communications. Nineteenth Annual Joint Conference of the IEEE Computer and Communications Societies (Cat. No.00CH37064)}, 
title={RADAR: an in-building RF-based user location and tracking system}, 
year={2000}, 
volume={2}, 
number={}, 
pages={775-784 vol.2}, 
keywords={mobile computing;radio tracking;radiowave propagation;signal processing;wireless LAN;RADAR;RF-based tracking system;in-building tracking system;local-area wireless networks;location-aware systems;mobile computing devices;multiple base stations;overlapping coverage;signal propagation modeling;signal strength processing;user location;Base stations;Computer networks;Global Positioning System;Mobile computing;Radar signal processing;Radar tracking;Radio frequency;Signal processing;Wireless LAN;Wireless networks}, 
doi={10.1109/INFCOM.2000.832252}, 
ISSN={0743-166X}, 
month={},}

@INPROCEEDINGS{6817920, 
author={A. Farshad and Jiwei Li and M. K. Marina and F. J. Garcia}, 
booktitle={International Conference on Indoor Positioning and Indoor Navigation}, 
title={A microscopic look at WiFi fingerprinting for indoor mobile phone localization in diverse environments}, 
year={2013}, 
volume={}, 
number={}, 
pages={1-10}, 
keywords={indoor radio;mobile handsets;navigation;wireless LAN;VAP;WiFi fingerprinting system;WiFi frequency bands;diverse environments;frequency 2.4 GHz;frequency 5 GHz;indoor mobile phone localization;location estimation algorithms;multistorey office building;shopping centers;virtual access points;Accuracy;Databases;Estimation;Floors;IEEE 802.11 Standards;Runtime}, 
doi={10.1109/IPIN.2013.6817920}, 
ISSN={}, 
month={Oct},}

@INPROCEEDINGS{4907834, 
author={V. Honkavirta and T. Perala and S. Ali-Loytty and R. Piche}, 
booktitle={2009 6th Workshop on Positioning, Navigation and Communication}, 
title={A comparative survey of WLAN location fingerprinting methods}, 
year={2009}, 
volume={}, 
number={}, 
pages={243-251}, 
keywords={Kalman filters;mathematical analysis;probability;wireless LAN;Bayesian filter;Kalman filter;WLAN;filtering methods;location estimation;location fingerprinting methods survey;mathematical formulation;radio map database;radio signal strength measurements;static estimation;Bayesian methods;Databases;Filtering;Filters;Fingerprint recognition;Performance evaluation;Position measurement;RAKE receivers;Testing;Wireless LAN}, 
doi={10.1109/WPNC.2009.4907834}, 
ISSN={}, 
month={March},}

@inproceedings{Haeberlen:2004:PRL:1023720.1023728,
 author = {Haeberlen, Andreas and Flannery, Eliot and Ladd, Andrew M. and Rudys, Algis and Wallach, Dan S. and Kavraki, Lydia E.},
 title = {Practical Robust Localization over Large-scale 802.11 Wireless Networks},
 booktitle = {Proceedings of the 10th Annual International Conference on Mobile Computing and Networking},
 series = {MobiCom '04},
 year = {2004},
 isbn = {1-58113-868-7},
 location = {Philadelphia, PA, USA},
 pages = {70--84},
 numpages = {15},
 url = {http://doi.acm.org/10.1145/1023720.1023728},
 doi = {10.1145/1023720.1023728},
 acmid = {1023728},
 publisher = {ACM},
 address = {New York, NY, USA},
 keywords = {802.11, Bayesian methods, location-aware computing, mobile systems, topological localization, wireless networks},
} 

@inproceedings{Ladd:2002:RLS:570645.570674,
 author = {Ladd, Andrew M. and Bekris, Kostas E. and Rudys, Algis and Marceau, Guillaume and Kavraki, Lydia E. and Wallach, Dan S.},
 title = {Robotics-based Location Sensing Using Wireless Ethernet},
 booktitle = {Proceedings of the 8th Annual International Conference on Mobile Computing and Networking},
 series = {MobiCom '02},
 year = {2002},
 isbn = {1-58113-486-X},
 location = {Atlanta, Georgia, USA},
 pages = {227--238},
 numpages = {12},
 url = {http://doi.acm.org/10.1145/570645.570674},
 doi = {10.1145/570645.570674},
 acmid = {570674},
 publisher = {ACM},
 address = {New York, NY, USA},
 keywords = {802.11, localization, mobile systems, probabilistic analysis, wireless networks},
} 

@ARTICLE{7874080, 
author={A. Khalajmehrabadi and N. Gatsis and D. Akopian}, 
journal={IEEE Communications Surveys Tutorials}, 
title={Modern WLAN Fingerprinting Indoor Positioning Methods and Deployment Challenges}, 
year={2017}, 
volume={19}, 
number={3}, 
pages={1974-2002}, 
keywords={indoor navigation;wireless LAN;modern WLAN fingerprinting indoor positioning methods;wireless local area networks;Computational modeling;Fingerprint recognition;Global Positioning System;Position measurement;Tutorials;Wireless LAN;Wireless communication;Indoor positioning;WLAN fingerprinting;clustering;outlier detection;real time processing;sparse recovery}, 
doi={10.1109/COMST.2017.2671454}, 
ISSN={}, 
month={thirdquarter},}


@ARTICLE{7174948, 
author={S. He and S. H. G. Chan}, 
journal={IEEE Communications Surveys Tutorials}, 
title={Wi-Fi Fingerprint-Based Indoor Positioning: Recent Advances and Comparisons}, 
year={2016}, 
volume={18}, 
number={1}, 
pages={466-490}, 
keywords={indoor navigation;indoor radio;radionavigation;smart phones;ubiquitous computing;wireless LAN;IEEE 802.11standard;WLAN pervasive deployment;Wi-Fi fingerprint localization;Wi-Fi fingerprint-based indoor positioning;complex indoor environment;energy efficiency;indoor location-based services;motion sensor;smartphones;spatial signal pattern;temporal signal pattern;user collaboration;wireless LAN;Accuracy;Collaboration;Estimation;IEEE 802.11 Standard;Legged locomotion;Probabilistic logic;Sensors;Indoor Localization;Indoor localization;Localization Techniques;Recent Progresses and Comparisons;System Deployment;Wi-Fi Fingerprinting;Wi-Fi fingerprinting;localization techniques;recent progresses and comparisons;system deployment}, 
doi={10.1109/COMST.2015.2464084}, 
ISSN={1553-877X}, 
month={Firstquarter},}

@INPROCEEDINGS{6681592, 
author={W. Sun and J. Liu and C. Wu and Z. Yang and X. Zhang and Y. Liu}, 
booktitle={2013 IEEE 33rd International Conference on Distributed Computing Systems}, 
title={MoLoc: On Distinguishing Fingerprint Twins}, 
year={2013}, 
volume={}, 
number={}, 
pages={226-235}, 
keywords={database management systems;fingerprint identification;mobile computing;mobile handsets;sensors;MoLoc scheme;RSS fingerprints;built-in sensors;crowdsourcing approach;fingerprint ambiguity;fingerprinting-based solutions;indoor environments;indoor localization;localization accuracy;mean localization error;mobile applications;mobile phones;motion database;motion-assisted localization scheme;multipath effects;office hall;pervasive applications;received signal strength;signal sources;temporal variations;user motion pattern collection;wireless signals;Accuracy;Databases;Fingerprint recognition;Hidden Markov models;IEEE 802.11 Standards;Mobile handsets;Sensors;Crowdsourcing;Indoor Localization;RSS Fingerprint;User Motion}, 
doi={10.1109/ICDCS.2013.41}, 
ISSN={1063-6927}, 
month={July},}

@Inbook{Chan2006,
author="Chan, Li-wei
and Chiang, Ji-rung
and Chen, Yi-chao
and Ke, Chia-nan
and Hsu, Jane
and Chu, Hao-hua",
editor="Fishkin, Kenneth P.
and Schiele, Bernt
and Nixon, Paddy
and Quigley, Aaron",
title="Collaborative Localization: Enhancing WiFi-Based Position Estimation with Neighborhood Links in Clusters",
bookTitle="Pervasive Computing: 4th International Conference, PERVASIVE 2006, Dublin, Ireland, May 7-10, 2006. Proceedings",
year="2006",
publisher="Springer Berlin Heidelberg",
address="Berlin, Heidelberg",
pages="50--66",
abstract="Location-aware services can benefit from accurate and reliable indoor location tracking. The widespread adoption of 802.11x wireless LAN as the network infrastructure creates the opportunity to deploy WiFi-based location services with few additional hardware costs. While recent research has demonstrated adequate performance, localization error increases significantly in crowded and dynamic situations due to electromagnetic interferences. This paper proposes collaborative localization as an approach to enhance position estimation by leveraging more accurate location information from nearby neighbors within the same cluster. The current implementation utilizes ZigBee radio as the neighbor-detection sensor. This paper introduces the basic model and algorithm for collaborative localization. We also report experiments to evaluate its performance under a variety of clustering scenarios. Our results have shown 28.2-56{\%} accuracy improvement over the baseline system Ekahau, a commercial WiFi localization system.",
isbn="978-3-540-33895-6",
doi="10.1007/11748625_4",
url="https://doi.org/10.1007/11748625_4"
}

@ARTICLE{6407455, 
author={R. Harle}, 
journal={IEEE Communications Surveys Tutorials}, 
title={A Survey of Indoor Inertial Positioning Systems for Pedestrians}, 
year={2013}, 
volume={15}, 
number={3}, 
pages={1281-1293}, 
keywords={inertial navigation;particle filtering (numerical methods);position control;sensors;smart phones;target tracking;PDR sensing devices;PDR systems;Pedestrian Dead Reckoning;absolute position fixes;domain-specific knowledge;hybrid systems;indoor inertial positioning systems;indoor tracking;particle filters;smartphones;taxonomy;Dead reckoning;Legged locomotion;Navigation;Sensor systems;Wearable computers;Dead Reckoning;Inertial Navigation;Particle Filters;Wearable Computers}, 
doi={10.1109/SURV.2012.121912.00075}, 
ISSN={1553-877X}, 
month={Third},}

@INPROCEEDINGS{6846747, 
author={Z. Xiao and H. Wen and A. Markham and N. Trigoni}, 
booktitle={IPSN-14 Proceedings of the 13th International Symposium on Information Processing in Sensor Networks}, 
title={Lightweight map matching for indoor localisation using conditional random fields}, 
year={2014}, 
volume={}, 
number={}, 
pages={131-142}, 
keywords={accelerometers;hidden Markov models;indoor radio;magnetometers;mobile computing;object tracking;smart phones;CRF;MapCraft;accelerometer measurement;conditional random fields;context-aware smartphone applications;directed graphical model;energy-efficient approach;hidden Markov model;indoor localisation;indoor map matching solution;indoor navigation;indoor tracking;lightweight map matching;location-aware applications;magnetometer measurement;sensor data;tortuous trajectories reconstruction;Buildings;Graphical models;Hidden Markov models;Magnetometers;Sensors;Training;Trajectory}, 
doi={10.1109/IPSN.2014.6846747}, 
ISSN={}, 
month={April},}


@webpage{git2016,
	Date-Added = {2016-06-11 01:21:00 +0000},
	Date-Modified = {2016-06-11 01:21:33 +0000},
	Author = {{Try GitHub}},
	Note = {[Acceso Junio de 2016]},
	Keywords = {Git},
	Lastchecked = {June 10th.},
	Month = {June},
	Url = {https://try.github.io/},
	Howpublished = {\url{https://try.github.io/}},
	Year = {2016},
	Bdsk-Url-1 = {https://try.github.io/}
	}
    
@webpage{kontaktio,
	Date-Added = {2017-11-11 12:25:00 +0000},
	Date-Modified = {2017-11-11 12:25:00 +0000},
	Author = {{Kontakt}},
	Note = {[Acceso Noviembre 2017]},
	Keywords = {Kontaktio},
	Lastchecked = {November 11},
	Month = {Noviembre},
	Url = {https://kontakt.io/use-cases/},
	Howpublished = {\url{https://kontakt.io/use-cases/}},
	Year = {2017},
	Bdsk-Url-1 = {https://kontakt.io/use-cases/}
	}    

@webpage{estimote,
	Date-Added = {2017-11-11 12:25:00 +0000},
	Date-Modified = {2017-11-11 12:25:00 +0000},
	Author = {{Estimote}},
	Note = {[Acceso Noviembre 2017]},
	Keywords = {Estimote},
	Lastchecked = {November 11},
	Month = {Noviembre},
	Url = {https://estimote.com/},
	Howpublished = {\url{https://estimote.com/}},
	Year = {2017},
	Bdsk-Url-1 = {https://estimote.com/}
	} 
    
@webpage{comparativaKontakt,
	Date-Added = {2015-11-11 12:25:00 +0000},
	Date-Modified = {2015-11-11 12:25:00 +0000},
	Author = {{Florian Trautmann}},
	Note = {[Acceso Enero 2018]},
	Keywords = {Comparativa Kontakt},
	Lastchecked = {Enero 08},
	Month = {Enero},
	Url = {https://kontakt.io/blog/estimote-vs-kontakt-io-practical-tests/},
	Howpublished = {\url{https://kontakt.io/blog/estimote-vs-kontakt-io-practical-tests/}},
	Year = {2015},
	Bdsk-Url-1 = {https://kontakt.io/blog/estimote-vs-kontakt-io-practical-tests/}
	} 
    
@webpage{protocolosBeacon,
	Date-Added = {2015-11-11 12:25:00 +0000},
	Date-Modified = {2015-11-11 12:25:00 +0000},
	Author = {{Ramananda Shetty}},
	Note = {[Acceso Enero 2018]},
	Keywords = {protocolos IBeacon Eddystone},
	Lastchecked = {Enero 08},
	Month = {Enero},
	Url = {https://www.linkedin.com/pulse/eddystone-googles-beacon-profile-ramananda-shetty},
	Howpublished = {\url{https://www.linkedin.com/pulse/eddystone-googles-beacon-profile-ramananda-shetty}},
	Year = {2015},
	Bdsk-Url-1 = {https://www.linkedin.com/pulse/eddystone-googles-beacon-profile-ramananda-shetty}
	} 
    
    
@webpage{machineLearningBasic,
	Date-Added = {2015-11-11 12:25:00 +0000},
	Date-Modified = {2015-11-11 12:25:00 +0000},
	Author = {{Maribel Tirados}},
	Note = {[Acceso Enero 2018]},
	Keywords = {Machine Learning},
	Lastchecked = {Enero 08},
	Month = {Enero},
	Url = {http://www.bigdatahispano.org/noticias/una-invitacion-al-aprendizaje-automatico/},
	Howpublished = {\url{http://www.bigdatahispano.org/noticias/una-invitacion-al-aprendizaje-automatico/}},
	Year = {2014},
	Bdsk-Url-1 = {http://www.bigdatahispano.org/noticias/una-invitacion-al-aprendizaje-automatico/}
	} 
    
@webpage{slp,
	Date-Added = {2015-11-11 12:25:00 +0000},
	Date-Modified = {2015-11-11 12:25:00 +0000},
	Author = {{Syed Danish Ali}},
	Note = {[Acceso Enero 2018]},
	Keywords = {Single Layer Perceptron},
	Lastchecked = {Enero 08},
	Month = {Enero},
	Url = {https://www.analyticsvidhya.com/blog/2016/08/evolution-core-concepts-deep-learning-neural-networks/},
	Howpublished = {\url{https://www.analyticsvidhya.com/blog/2016/08/evolution-core-concepts-deep-learning-neural-networks/}},
	Year = {2016},
	Bdsk-Url-1 = {https://www.analyticsvidhya.com/blog/2016/08/evolution-core-concepts-deep-learning-neural-networks/}
	} 
    
@webpage{interval,
	Date-Added = {2015-11-11 12:25:00 +0000},
	Date-Modified = {2015-11-11 12:25:00 +0000},
	Author = {{Agnieszka Gasiorek}},
	Note = {[Acceso Enero 2018]},
	Keywords = {Interval Beacon Kontakt},
	Lastchecked = {Enero 08},
	Month = {Enero},
	Url = {https://kontakt.io/blog/beacon-configuration-strategy-guide-interval/},
	Howpublished = {\url{https://kontakt.io/blog/beacon-configuration-strategy-guide-interval/}},
	Year = {2014},
	Bdsk-Url-1 = {https://kontakt.io/blog/beacon-configuration-strategy-guide-interval/}
	} 

@INPROCEEDINGS{7743586, 
author={A. H. Salamah and M. Tamazin and M. A. Sharkas and M. Khedr}, 
booktitle={2016 International Conference on Indoor Positioning and Indoor Navigation (IPIN)}, 
title={An enhanced WiFi indoor localization system based on machine learning}, 
year={2016}, 
volume={}, 
number={}, 
pages={1-8}, 
keywords={decision trees;indoor environment;learning (artificial intelligence);mobile computing;principal component analysis;support vector machines;wireless LAN;Android-based smart phone;IEEE 802.11 WLAN;K-nearest neighbors;PCA;decision tree;enhanced WiFi indoor localization system;indoor environment;indoor positioning systems;machine learning;principle component analysis;random forest;support vector machine classifiers;Fingerprint recognition;IEEE 802.11 Standard;Indoor environments;Mobile handsets;Servers;Support vector machines;Wireless LAN;Indoor positioning;Machine Learning;PCA;WiFi;fingerprint}, 
doi={10.1109/IPIN.2016.7743586}, 
ISSN={}, 
month={Oct},}
    
@article{scikit-learn,
 title={Scikit-learn: Machine Learning in {P}ython},
 author={Pedregosa, F. and Varoquaux, G. and Gramfort, A. and Michel, V.
         and Thirion, B. and Grisel, O. and Blondel, M. and Prettenhofer, P.
         and Weiss, R. and Dubourg, V. and Vanderplas, J. and Passos, A. and
         Cournapeau, D. and Brucher, M. and Perrot, M. and Duchesnay, E.},
 journal={Journal of Machine Learning Research},
 volume={12},
 pages={2825--2830},
 year={2011}
}    

@misc{tensorflow2015-whitepaper,
title={ {TensorFlow}: Large-Scale Machine Learning on Heterogeneous Systems},
url={https://www.tensorflow.org/},
note={Software available from tensorflow.org},
author={
    Mart\'{\i}n~Abadi and
    Ashish~Agarwal and
    Paul~Barham and
    Eugene~Brevdo and
    Zhifeng~Chen and
    Craig~Citro and
    Greg~S.~Corrado and
    Andy~Davis and
    Jeffrey~Dean and
    Matthieu~Devin and
    Sanjay~Ghemawat and
    Ian~Goodfellow and
    Andrew~Harp and
    Geoffrey~Irving and
    Michael~Isard and
    Yangqing Jia and
    Rafal~Jozefowicz and
    Lukasz~Kaiser and
    Manjunath~Kudlur and
    Josh~Levenberg and
    Dan~Man\'{e} and
    Rajat~Monga and
    Sherry~Moore and
    Derek~Murray and
    Chris~Olah and
    Mike~Schuster and
    Jonathon~Shlens and
    Benoit~Steiner and
    Ilya~Sutskever and
    Kunal~Talwar and
    Paul~Tucker and
    Vincent~Vanhoucke and
    Vijay~Vasudevan and
    Fernanda~Vi\'{e}gas and
    Oriol~Vinyals and
    Pete~Warden and
    Martin~Wattenberg and
    Martin~Wicke and
    Yuan~Yu and
    Xiaoqiang~Zheng},
  year={2015},
}
   


@book{Borbon2014,
	Address = {Costa Rica},
	Author = {Alex{\'a}nder {Borb{\'o}n A.} and Walter {Mora F.}},
	Date-Added = {2016-06-09 18:48:40 +0000},
	Date-Modified = {2016-06-09 18:57:50 +0000},
	Edition = {1ra.},
	Editor = {Revista Digital Matem{\'a}tica},
	Keywords = {LaTeX},
	Publisher = {Instituto Tecnol{\'o}gico de Costa Rica},
	Title = {Edici{\'o}n de textos cient{\'\i}ficos \LaTeX{}},
	Year = {2014}}

@manual{BibUTFSM2008,
	Address = {Av. Espa{\~n}a 1680},
	Author = {{Comit{\'e} de Coordinaci{\'o}n y Desarrollo Docente}},
	Date-Modified = {2015-06-13 07:29:39 +0000},
	Keywords = {Biblioteca},
	Organization = {UTFSM},
	Title = {Normas Generales para la Presentaci{\'o}n de Memorias de Titulaci{\'o}n},
	Year = 2008}

@book{Lamport94,
	Author = {Leslie Lamport},
	Date-Added = {2012-08-17 01:04:17 +0000},
	Date-Modified = {2013-04-15 01:12:20 +0000},
	Edition = {2},
	Keywords = {LaTeX},
	Month = {July},
	Publisher = {Addison-Wesley Professional},
	Title = {{\LaTeX} A Document Preparation System - User's Guide and Reference Manual},
	Year = 1994}

@webpage{latex:whatis,
	Author = {{LaTeX Project}},
	Date-Modified = {2013-04-14 22:36:01 +0000},
	Howpublished = {\url{http://www.latex-project.org/intro.html}},
	Keywords = {LaTeX},
	Lastchecked = {October 20th., 2015},
	Month = jul,
	Note = {[Acceso Octubre de 2015]},
	Title = {What is {\LaTeX}?},
	Url = {http://www.latex-project.org/intro.html},
	Year = 2015,
	Bdsk-Url-1 = {http://www.latex-project.org/intro.html}}

@webpage{lyx,
	Author = {{LyX Project}},
	Date-Modified = {2015-09-18 00:29:17 +0000},
	Howpublished = {\url{http://www.lyx.org/}},
	Keywords = {LyX},
	Lastchecked = {September 10th.},
	Month = jul,
	Note = {[Acceso Septiembre de 2015]},
	Title = {{L}y{X} - The Document Processor.},
	Url = {http://www.lyx.org/},
	Year = 2015,
	Bdsk-Url-1 = {http://www.lyx.org/}}

@webpage{mactex,
	Author = {{MacTeX}},
	Date-Modified = {2015-09-18 00:20:27 +0000},
	Howpublished = {\url{http://www.tug.org/mactex/}},
	Keywords = {MacTeX},
	Lastchecked = {September 18th.},
	Month = jul,
	Note = {[Acceso Septiembre 2015]},
	Title = {Mactex - {\TeX} User Group},
	Url = {http://www.tug.org/mactex/},
	Year = 2015,
	Bdsk-Url-1 = {http://www.tug.org/mactex/}}

@webpage{miktex,
	Author = {{MikTeX}},
	Date-Added = {2015-09-18 00:11:24 +0000},
	Date-Modified = {2015-10-14 22:30:00 +0000},
	Howpublished = {\url{http://www.miktex.org}},
	Keywords = {MikTeX},
	Lastchecked = {September 18th.},
	Month = jul,
	Note = {[Acceso Septiembre 2015]},
	Title = {Miktex Project Page},
	Url = {http://www.miktex.org},
	Year = 2015,
	Bdsk-Url-1 = {http://wiki.lyx.org},
	Bdsk-Url-2 = {http://www.miktex.org}}

@book{Mittelbach04,
	Address = {Boston, MA, USA},
	Author = {Frank Mittelbach and Michel Goossens and Johannes Braams and David Carlisle and Chris Rowley},
	Date-Modified = {2015-06-13 07:31:55 +0000},
	Edition = {2da.},
	Month = {LaTeX},
	Publisher = {Addison-Wesley},
	Series = {Addison-Wesley Series on Tools and Techniques for Computer Typesetting},
	Title = {The \LaTeX{} Companion},
	Year = 2004}

@manual{Oetiker06,
	Author = {Tobias Oetiker and Hubert Partl and Irene Hyna and Elisabeth Schlegl},
	Date-Modified = {2015-06-13 07:32:42 +0000},
	Edition = {4ta.},
	Keywords = {LaTeX},
	Title = {The Not So Short Introduction to {\LaTeXe}},
	Year = 2006}

@misc{Roberts05,
	Author = {Andrew Roberts},
	Date-Modified = {2013-04-14 22:27:08 +0000},
	Howpublished = {[Online]},
	Note = {\url{http://www.andy-roberts.net/misc/latex/index.html}},
	Title = {Getting to Grips with {\LaTeX}},
	Url = {http://www.andy-roberts.net/misc/latex/index.html},
	Year = 2005,
	Bdsk-Url-1 = {http://www.andy-roberts.net/misc/latex/index.html}}

@webpage{wikilyx,
	Author = {{Wiki LyX}},
	Date-Added = {2012-09-18 00:04:49 +0000},
	Date-Modified = {2016-06-09 18:44:42 +0000},
	Howpublished = {\url{http://wiki.lyx.org}},
	Keywords = {Wiki LyX},
	Lastchecked = {June 10th.},
	Month = jul,
	Note = {[Acceso Junio 2016]},
	Title = {Homepage of the {L}y{X} {W}iki!},
	Url = {http://wiki.lyx.org},
	Year = 2016,
	Bdsk-Url-1 = {http://wiki.lyx.org}}
